<?xml version="1.0" encoding="UTF-8"?><collection xmlns="http://www.loc.gov/MARC21/slim"><record><leader>00598nam--2200181-i-4500</leader><controlfield tag="001">000012185</controlfield><controlfield tag="002">20161230</controlfield><controlfield tag="005">20161230201029</controlfield><controlfield tag="008">060222s1000------------r-----000-0-fre-d</controlfield><datafield ind1=" " ind2=" " tag="040"><subfield code="a">IFIN-HH</subfield></datafield><datafield ind1=" " ind2=" " tag="041"><subfield code="a">fre</subfield></datafield><datafield ind1=" " ind2=" " tag="080"><subfield code="a">535.41:535.54:681.785.5(043)</subfield></datafield><datafield ind1="1" ind2=" " tag="100"><subfield code="a">Bied Charreton,Philippe</subfield></datafield><datafield ind1="1" ind2="0" tag="245"><subfield code="a">Spectrometre fabry-peret multicanal utilisant une camera electronique:le simac photoelectrique</subfield><subfield code="b">These</subfield><subfield code="c">Philippe bied charreton</subfield></datafield><datafield ind1=" " ind2=" " tag="260"><subfield code="a">Paris</subfield><subfield code="b">L'Universite De Paris, Faculte Des Sciences D'Orsay</subfield><subfield code="c">1967</subfield></datafield><datafield ind1=" " ind2=" " tag="300"><subfield code="a">84P.+6P.DIF</subfield></datafield><datafield ind1=" " ind2=" " tag="852"><subfield code="a">44889</subfield><subfield code="c">535.33</subfield></datafield><datafield ind1=" " ind2=" " tag="CAT"><subfield code="a">Sys</subfield><subfield code="c">20101207</subfield><subfield code="h">151558</subfield></datafield></record></collection>